@misc{berners1998semantic,
  title={Semantic web road map},
  author={Berners-Lee, Tim and others},
  year={1998}
}

@article{berners2001semantic,
  title={The semantic web},
  author={Berners-Lee, Tim and Hendler, James and Lassila, Ora},
  journal={Scientific american},
  volume={284},
  number={5},
  pages={34--43},
  year={2001},
  publisher={JSTOR}
}

@article{world2014rdf,
  title={RDF 1.1 concepts and abstract syntax},
  author={W3C and others},
  year={2014},
  journal={World Wide Web Consortium. URL \url{https://www.w3.org/TR/2014/REC-rdf11-concepts-20140225/}}
}

@article{rusher2001triple,
  title={Triple Store, Feb. 2005},
  author={Rusher, Jack},
  journal={World Wide Web Consortium. URL \url{http://www.w3.org/2001/sw/Europe/events/20031113-storage/positions/rusher.html}}
}

@article{world2013sparql,
  title={SPARQL 1.1 Query Language},
  author={W3C and others},
  year={2013},
  journal={World Wide Web Consortium. URL \url{https://www.w3.org/TR/2013/REC-sparql11-query-20130321/}}
}

@inproceedings{vargas2019rdf,
  title={RDF Explorer: A Visual SPARQL Query Builder},
  author={Vargas, Hern{\'a}n and Buil-Aranda, Carlos and Hogan, Aidan and L{\'o}pez, Claudia},
  booktitle={International Semantic Web Conference},
  pages={647--663},
  year={2019},
  organization={Springer}
}

@inproceedings{berners2006tabulator,
  title={Tabulator: Exploring and analyzing linked data on the semantic web},
  author={Berners-Lee, Tim and Chen, Yuhsin and Chilton, Lydia and Connolly, Dan and Dhanaraj, Ruth and Hollenbach, James and Lerer, Adam and Sheets, David},
  booktitle={Proceedings of the 3rd international semantic web user interaction workshop},
  volume={2006},
  pages={159},
  year={2006},
  organization={Athens, Georgia}
}

@article{araujo2009experimenting,
  title={Experimenting with explorator: a direct manipulation generic rdf browser and querying tool},
  author={Ara{\'u}jo, SFCD and Schwabe, Daniel and Barbosa, Simone},
  journal={Visual Interfaces to the Social and the Semantic Web (VISSW 2009), Sanibel Island, Florida},
  year={2009}
}

@inproceedings{valsecchi2015dbpedia,
  title={DBpedia Atlas: Mapping the Uncharted Lands of Linked Data.},
  author={Valsecchi, Fabio and Abrate, Matteo and Bacciu, Clara and Tesconi, Maurizio and Marchetti, Andrea},
  booktitle={LDOW@ WWW},
  year={2015}
}

@article{mccarthy2012sparql,
  title={SPARQL Assist language-neutral query composer},
  author={McCarthy, Luke and Vandervalk, Ben and Wilkinson, Mark},
  journal={BMC bioinformatics},
  volume={13},
  number={1},
  pages={S2},
  year={2012},
  publisher={BioMed Central}
}

@article{rietveld2017yasgui,
  title={The YASGUI family of SPARQL clients 1},
  author={Rietveld, Laurens and Hoekstra, Rinke},
  journal={Semantic Web},
  volume={8},
  number={3},
  pages={373--383},
  year={2017},
  publisher={IOS Press}
}

@article{sayers2004node,
  title={Node-centric rdf graph visualization},
  author={Sayers, Craig},
  journal={Mobile and Media Systems Laboratory, HP Labs},
  volume={71},
  year={2004}
}

@inproceedings{bruch2009learning,
  title={Learning from examples to improve code completion systems},
  author={Bruch, Marcel and Monperrus, Martin and Mezini, Mira},
  booktitle={Proceedings of the 7th joint meeting of the European software engineering conference and the ACM SIGSOFT symposium on the foundations of software engineering},
  pages={213--222},
  year={2009}
}

@inproceedings{campinas2014live,
  title={Live SPARQL Auto-Completion.},
  author={Campinas, St{\'e}phane},
  booktitle={International Semantic Web Conference (Posters \& Demos)},
  pages={477--480},
  year={2014}
}

@inproceedings{kramer2013space,
  title={SPACE: SPARQL Index for Efficient Autocompletion.},
  author={Kramer, Kasjen and Dividino, Renata Queiroz and Gr{\"o}ner, Gerd},
  booktitle={International Semantic Web Conference (Posters \& Demos)},
  pages={157--160},
  year={2013},
  organization={Citeseer}
}

@inproceedings{rafes2018designing,
  title={Designing scientific SPARQL queries using autocompletion by snippets},
  author={Rafes, Karima and Abiteboul, Serge and Cohen-Boulakia, Sarah and Rance, Bastien},
  booktitle={2018 IEEE 14th International Conference on e-Science (e-Science)},
  pages={234--244},
  year={2018},
  organization={IEEE}
}

@article{ferre2017sparklis,
  title={Sparklis: an expressive query builder for SPARQL endpoints with guidance in natural language},
  author={Ferr{\'e}, S{\'e}bastien},
  journal={Semantic Web},
  volume={8},
  number={3},
  pages={405--418},
  year={2017},
  publisher={IOS Press}
}

@article{parra2020autocompletion,
  title={Autocompletion for SPARQL-based exploration and querying},
  author={De la Parra, Gabriel},
  year={2020},
  journal={URL \url{https://github.com/gabrieldelaparra/SPARQLforHumans}}
}

@inproceedings{bialecki2012apache,
  title={Apache lucene 4},
  author={Bia{\l}ecki, Andrzej and Muir, Robert and Ingersoll, Grant and Imagination, Lucid},
  booktitle={SIGIR 2012 workshop on open source information retrieval},
  pages={17},
  year={2012}
}

@article{vargas2019rdfrepo,
  title={RDF Explorer: A Visual SPARQL Query Builder},
  author={Vargas, Hern{\'a}n},
  year={2019},
  journal={URL \url{https://github.com/hvarg/RDFExplorer}}
}

@incollection{harth2011semantic,
  title={Semantic web architecture},
  author={Harth, Andreas and Janik, Maciej and Staab, Steffen},
  booktitle={Handbook of Semantic Web Technologies},
  year={2011}
}

@article{vrandevcic2014wikidata,
  title={Wikidata: a free collaborative knowledgebase},
  author={Vrande{\v{c}}i{\'c}, Denny and Kr{\"o}tzsch, Markus},
  journal={Communications of the ACM},
  volume={57},
  number={10},
  pages={78--85},
  year={2014},
  publisher={ACM New York, NY, USA}
}

@incollection{auer2007dbpedia,
  title={Dbpedia: A nucleus for a web of open data},
  author={Auer, S{\"o}ren and Bizer, Christian and Kobilarov, Georgi and Lehmann, Jens and Cyganiak, Richard and Ives, Zachary},
  booktitle={The semantic web},
  pages={722--735},
  year={2007},
  publisher={Springer}
}

@incollection{bizer2011linked,
  title={Linked data: The story so far},
  author={Bizer, Christian and Heath, Tom and Berners-Lee, Tim},
  booktitle={Semantic services, interoperability and web applications: emerging concepts},
  pages={205--227},
  year={2011},
  publisher={IGI Global}
}

@article{beckett2014rdf,
  title={RDF 1.1 Turtle},
  author={Beckett, David and Berners-Lee, Tim and Prudâ€™hommeaux, Eric and Carothers, Gavin},
  journal={World Wide Web Consortium},
  year={2014}
}

@article{beckett2004rdf,
  title={RDF/XML syntax specification (revised)},
  author={Beckett, Dave and McBride, Brian},
  journal={W3C recommendation},
  volume={10},
  number={2.3},
  year={2004}
}

@incollection{antoniou2004web,
  title={Web ontology language: Owl},
  author={Antoniou, Grigoris and Van Harmelen, Frank},
  booktitle={Handbook on ontologies},
  pages={67--92},
  year={2004},
  publisher={Springer}
}

@inproceedings{kifer2008rule,
  title={Rule interchange format: The framework},
  author={Kifer, Michael},
  booktitle={International Conference on Web Reasoning and Rule Systems},
  pages={1--11},
  year={2008},
  organization={Springer}
}