@misc{berners1998semantic,
  title={Semantic web road map},
  author={Berners-Lee, Tim and others},
  year={1998}
}